<?xml version="1.0" encoding="UTF-8"?><collection xmlns="http://www.loc.gov/MARC21/slim"><record><leader>00421nam--2200133-i-4500</leader><controlfield tag="001">000032382</controlfield><controlfield tag="002">20161230</controlfield><controlfield tag="005">20161230201039</controlfield><controlfield tag="008">060222s1000------------r-----000-0-eng-d</controlfield><datafield ind1=" " ind2=" " tag="080"><subfield code="a">621.039.83</subfield></datafield><datafield ind1=" " ind2=" " tag="100"><subfield code="a">Minnix, Richard Bryant</subfield></datafield><datafield ind1=" " ind2=" " tag="245"><subfield code="a">A determination of the threshold energy for the production of radiation demage in gold</subfield></datafield><datafield ind1=" " ind2=" " tag="260"><subfield code="a">Ann Arbor, Michigan, Univ.Microfilms Inc., 1965, V + 56p.+ 4 Fig</subfield></datafield><datafield ind1=" " ind2=" " tag="852"><subfield code="a">27626</subfield></datafield></record></collection>